%% This BibTeX bibliography file was created using BibDesk.
%% http://bibdesk.sourceforge.net/


%% Created for Tuyen T Le at 2015-02-25 22:05:25 -0600 


%% Saved with string encoding Unicode (UTF-8) 
@article{Bolchini13,
   author = {Bolchini, Cristiana and Quintarelli, Elisa and Tanca, Letizia},
   title = {CARVE: Context-aware automatic view definition over relational databases},
   journal = {Information Systems},
   volume = {38},
   number = {1},
   pages = {45-67},
   keywords = {Context-awareness, Database design, External views},
   year = {2013}
}

@inproceedings{Freitas14,
   author = {Freitas, Andre and Curry, Edward},
   title = {Natural language queries over heterogeneous linked data graphs: A distributional-compositional semantics approach},
   booktitle = {Proceedings of the 19th international conference on Intelligent User Interfaces},
   publisher = {ACM},
   year={2014},
   pages = {279-288},

}
@article{Habernal13,
   author = {Habernal, Ivan and Konopík, Miloslav},
   title = {SWSNL: Semantic Web Search Using Natural Language},
   journal = {Expert Systems with Applications},
   volume = {40},
   number = {9},
   pages = {3649-3664},
    keywords = {Semantic search
Natural Language Understanding
Semantic Web
Statistical semantic analysis},
   year = {2013}
}

@inproceedings{Yahya12,
   author = {Yahya, Mohamed and Berberich, Klaus and Elbassuoni, Shady and Ramanath, Maya and Tresp, Volker and Weikum, Gerhard},
   title = {Natural language questions for the web of data},
   booktitle = {Proceedings of the 2012 Joint Conference on Empirical Methods in Natural Language Processing and Computational Natural Language Learning},
   publisher = {Association for Computational Linguistics},
   pages = {379-390},
   year={2012}
}

@inproceedings{Shekarpour11,
   author = {Shekarpour, Saeedeh and Auer, Sören and Ngomo, Axel-Cyrille Ngonga and Gerber, Daniel and Hellmann, Sebastian and Stadler, Claus},
   title = {Keyword-driven sparql query generation leveraging background knowledge},
   booktitle = {Web Intelligence and Intelligent Agent Technology (WI-IAT), 2011 IEEE/WIC/ACM International Conference on},
   publisher = {IEEE},
   volume = {1},
   pages = {203-210},
   year={2011}
}

@article{Kaufmann10,
   author = {Kaufmann, Esther and Bernstein, Abraham},
   title = {Evaluating the usability of natural language query languages and interfaces to Semantic Web knowledge bases},
   journal = {Web Semantics: Science, Services and Agents on the World Wide Web},
   volume = {8},
   number = {4},
   pages = {377-393},
   keywords = {Natural language interfaces
Query languages
Usability study},
   year = {2010}
}
@article{Zenz09,
   author = {Zenz, Gideon and Zhou, Xuan and Minack, Enrico and Siberski, Wolf and Nejdl, Wolfgang},
   title = {From keywords to semantic queries—Incremental query construction on the semantic web},
   journal = {Web Semantics: Science, Services and Agents on the World Wide Web},
   volume = {7},
   number = {3},
   pages = {166-176},
   keywords = {Semantic web
Keyword search
Query construction},
   year = {2009}
}

@article{Sangers13,
   author = {Sangers, Jordy and Frasincar, Flavius and Hogenboom, Frederik and Chepegin, Vadim},
   title = {Semantic Web service discovery using natural language processing techniques},
   journal = {Expert Systems with Applications},
   volume = {40},
   number = {11},
   pages = {4660-4671},
   keywords = {Natural language processing
Semantic Web services
WSMO
Web service discovery},
   year = {2013}
}


@inproceedings{Yahya12,
   author = {Yahya, Mohamed and Berberich, Klaus and Elbassuoni, Shady and Ramanath, Maya and Tresp, Volker and Weikum, Gerhard},
   title = {Natural language questions for the web of data},
   booktitle = {Proceedings of the 2012 Joint Conference on Empirical Methods in Natural Language Processing and Computational Natural Language Learning},
   publisher = {Association for Computational Linguistics},
   pages = {379-390},
   year = {2012}

}


@article{Storey08,
   author = {Storey, Veda C and Burton-Jones, Andrew and Sugumaran, Vijayan and Purao, Sandeep},
   title = {CONQUER: A methodology for context-aware query processing on the World Wide Web},
   journal = {Information Systems Research},
   volume = {19},
   number = {1},
   pages = {3-25},
   year = {2008}
}

@misc{wikipedia,
  title = {Ontology Learning},
  author = {Wikipedia},
  url = {https://en.wikipedia.org/wiki/Ontology_learning},
  note = {Accessed: 2015-07-06}
}
@misc{IFDgroup08,
  title = {IFD Library white paper},
  author = {{IFD Library Group}},
  url = {http://www.ifd-library.org/images/IFD_Library_White_Paper_2008-04-10_I_.pdf},
  note = {Accessed: 2015-07-06}
}
@misc{buildingsmart,
  title = {IFC Overview summary},
  author = {buildingSMART},
  url = {http://www.buildingsmart-tech.org/},
  year ={2015},
  note = {Accessed: 2015-10-11}
}

@misc{inframodel14,
  title = {Inframodel },
  author = {inframodel.fi},
  url = {http://www.inframodel.fi/en/},
  year ={2014},
  note = {Accessed: 2015-10-11}
}

@article{venugopal12,
	   author = {Venugopal, M and Eastman, Charles M and Sacks, Rafael and Teizer, Jochen},
	   title = {Semantics of model views for information exchanges using the industry foundation class schema},
	   journal = {Advanced Engineering Informatics},
	   volume = {26},
	   number = {2},
	   pages = {411-428},
 year = {2012}}
 
@misc{eastman12,
	Author = {Eastman, Chuck},
	Note = {Presentaion at the IDDS workshop},
	Title = {The future of IFC: Rationale and design of a SEM IFC layer},
Year = {2012}}

@phdthesis{hu14,
   author = {Hu, Hanjin},
   title = {Development of interoperable data protocol for integrated bridge project delivery},
   university = {State University of New York at Buffalo},
   note = {Copyright - Copyright ProQuest, UMI Dissertations Publishing 2014
Last updated - 2015-03-18
First page - n/a},
   type = {Ph.D.},
    keywords = {Applied sciences
Bridge information modeling
Data exchange protocol
Information delivery manual
Model view definition
Civil engineering
0543:Civil engineering},
   year = {2014}
}



@techreport{nibs15,
  title = {National BIM Standard – United States Version 3},
  author = {{National Institue of Building Sciences (NIBS)}},
  year ={2015},
}

@techreport{gsa11,
  title = {GSA Building Information Modeling Guide Series: 08 – GSA BIM Guide for Facility Management},
  author = {{U.S. General Services Administration (GSA)}},
  year ={2011},
}

@article{Froese03,
   author = {Froese, Thomas},
   title = {Future directions for IFC-based interoperability},
   journal = {ITcon},
   volume = {8},
   pages = {231-246},
   year = {2003}
}
@article{east12,
   author = {East, E. William  and Nisbet, Nicholas and Liebich, Thomas},
   title = {Facility management handover model view},
   journal = {Journal of computing in civil engineering},
   volume = {27},
   number = {1},
   pages = {61-67},
   year = {2012}
}

@techreport{nisbet12,
   author = {Nisbet, Nicholas},
   title = {COBie UK: Required Information for Facility Operation},
   institution = {AEC3 UK Ltd},
   year = {2012}
}

@techreport{east07,
   author = {East, E William},
   title = {Construction operations building information exchange (COBie)},
   institution = {DTIC Document},
   year = {2007}
}


@misc{landxmlorg,
	Author = {landxml.org},
	Title = {About landxml.org},
	Url = {http://www.landxml.org/About.aspx},
	year={2015},
	note = {Accessed: 2015-10-11}
}

@article{Lima05,
   author = {Lima, Celson and El-Diraby, Tamer and Stephens, Jeff},
   title = {Ontology-based optimization of knowledge management in e-construction},
   journal = {Journal of IT in Construction},
   volume = {10},
   pages = {305-327},
   year = {2005}
}

@article{Cambria14,
   author = {Cambria, Erik and White, Bruce},
   title = {Jumping NLP curves: a review of natural language processing research [review article]},
   journal = {Computational Intelligence Magazine, IEEE},
   volume = {9},
   number = {2},
   pages = {48-57},
   year = {2014}
}

@article{Wong12,
   author = {Wong, Wilson and Liu, Wei and Bennamoun, Mohammed},
   title = {Ontology learning from text: A look back and into the future},
   journal = {ACM Computing Surveys (CSUR)},
   volume = {44},
   number = {4},
   pages = {20},
   year = {2012}
}

@article{Uschold04,
   author = {Uschold, Michael and Gruninger, Michael},
   title = {Ontologies and semantics for seamless connectivity},
   journal = {ACM SIGMod Record},
   volume = {33},
   number = {4},
   pages = {58-64},
   year = {2004}
}

@article{Liu11,
   author = {Liu, Kaihong and Hogan, William R. and Crowley, Rebecca S.},
   title = {Natural Language Processing methods and systems for biomedical ontology learning},
   journal = {Journal of Biomedical Informatics},
   volume = {44},
   number = {1},
   pages = {163-179},
   keywords = {Ontology
Ontology learning from text
Ontology enrichment
Information extraction
Natural Language Processing},
   year = {2011}
}

@book{Buitelaar05,
   author = {Buitelaar, Paul and Cimiano, Philipp and Magnini, Bernardo},
   title = {Ontology learning from text: methods, evaluation and applications},
   publisher = {IOS press},
   volume = {123},
   year = {2005}
}

@book{Cimiano06,
   author = {Cimiano, Philipp},
   title = {Ontology learning from text},
   publisher = {Springer},
   year = {2006}
}

@inbook{Paice09,
   author = {Paice, Chris D},
   title = {Lexical Analysis of Textual Data},
   booktitle = {Encyclopedia of Database Systems},
   publisher = {Springer},
   pages = {1606-1610},
   year = {2009}
}

@article{Maedche01,
   author = {Maedche, Alexander and Staab, Steffen},
   title = {Ontology learning for the semantic web},
   journal = {IEEE Intelligent Systems},
   volume = {16},
   number = {2},
   pages = {72-79},
   year = {2001}
}

@inbook{deAzevedo14,
   author = {de Azevedo, Ryan Ribeiro and Freitas, Fred and Rocha, Rodrigo and Menezes, José Antônio Alves and Pereira, Luis F Alves},
   title = {An Approach for Automatic Expressive Ontology Construction from Natural Language},
   booktitle = {Computational Science and Its Applications–ICCSA 2014},
   publisher = {Springer},
   pages = {746-759},
   year = {2014}
}

@article{vicient13,
   author = {Vicient, Carlos and Sánchez, David and Moreno, Antonio},
   title = {An automatic approach for ontology-based feature extraction from heterogeneous textualresources},
   journal = {Engineering Applications of Artificial Intelligence},
   volume = {26},
   number = {3},
   pages = {1092-1106},
   keywords = {Information extraction
Feature extraction
Ontologies
Wikipedia},
   year = {2013}
}

@article{hou11,
   author = {Hou, Xin and Ong, S. K. and Nee, A. Y. C. and Zhang, X. T. and Liu, W. J.},
   title = {GRAONTO: A graph-based approach for automatic construction of domain ontology},
   journal = {Expert Systems with Applications},
   volume = {38},
   number = {9},
   pages = {11958-11975},
   keywords = {Automatic construction of domain ontology
Document graph
Graph clustering
Frequent subgraph mining
Informative subgraph},
   year = {2011}
}

@article{harispe15,
   author = {Harispe, Sébastien and Ranwez, Sylvie and Janaqi, Stefan and Montmain, Jacky},
   title = {Semantic Similarity from Natural Language and Ontology Analysis},
   journal = {Synthesis Lectures on Human Language Technologies},
   volume = {8},
   number = {1},
   pages = {1-254},
   year = {2015}
}

@ARTICLE{shvaiko13, 
author={Shvaiko, P. and Euzenat, J.}, 
journal={Knowledge and Data Engineering, IEEE Transactions on}, 
title={Ontology Matching: State of the Art and Future Challenges}, 
year={2013}, 
month={Jan}, 
volume={25}, 
number={1}, 
pages={158-176}, 
keywords={ontologies (artificial intelligence);future challenges;ontology matching;state of the art challenges;Databases;OWL;Ontologies;Resource description framework;Semantics;Thesauri;Vocabulary;Semantic heterogeneity;ontology alignment;ontology matching;schema matching;semantic technologies}, 
doi={10.1109/TKDE.2011.253}, 
ISSN={1041-4347},}

@inproceedings{Toutanova03,
   author = {Toutanova, Kristina and Klein, Dan and Manning, Christopher D and Singer, Yoram},
   title = {Feature-rich part-of-speech tagging with a cyclic dependency network},
   booktitle = {Proceedings of the 2003 Conference of the North American Chapter of the Association for Computational Linguistics on Human Language Technology-Volume 1},
   publisher = {Association for Computational Linguistics},
   year={2003},
   pages = {173-180},
}

@inproceedings{Yarowsky95,
   author = {Yarowsky, David},
   title = {Unsupervised word sense disambiguation rivaling supervised methods},
   booktitle = {Proceedings of the 33rd annual meeting on Association for Computational Linguistics},
   publisher = {Association for Computational Linguistics},
   pages = {189-196},
   year={1995},
}

@article{Zhao11,
   author = {Zhao, Hai and Kit, Chunyu},
   title = {Integrating unsupervised and supervised word segmentation: The role of goodness measures},
   journal = {Information Sciences},
   volume = {181},
   number = {1},
   pages = {163-183},
   year = {2011}
}

@article{Navigli09,
   author = {Navigli, Roberto},
   title = {Word sense disambiguation: A survey},
   journal = {ACM Computing Surveys (CSUR)},
   volume = {41},
   number = {2},
   pages = {10},
   year = {2009}
}
@inproceedings{Lesk86,
   author = {Lesk, Michael},
   title = {Automatic sense disambiguation using machine readable dictionaries: how to tell a pine cone from an ice cream cone},
   booktitle = {Proceedings of the 5th annual international conference on Systems documentation},
   publisher = {ACM},
   pages = {24-26},
year={1986},
}

@inproceedings{Cunningham02,
   author = {Cunningham, Hamish and Maynard, Diana and Bontcheva, Kalina and Tablan, Valentin},
   title = {GATE: an architecture for development of robust HLT applications},
   booktitle = {Proceedings of the 40th annual meeting on association for computational linguistics},
   publisher = {Association for Computational Linguistics},
   pages = {168-175},
year={2002},
}
@inproceedings{Webster92,
   author = {Webster, Jonathan J and Kit, Chunyu},
   title = {Tokenization as the initial phase in NLP},
   booktitle = {Proceedings of the 14th conference on Computational linguistics-Volume 4},
   publisher = {Association for Computational Linguistics},
   pages = {1106-1110},
year={1992}
}

@article{Zhang15a,
   author = {Zhang, Sijie and Boukamp, Frank and Teizer, Jochen},
   title = {Ontology-based semantic modeling of construction safety knowledge: Towards automated safety planning for job hazard analysis (JHA)},
   journal = {Automation in Construction},
   volume = {52},
   number = {0},
   pages = {29-41},
    keywords = {Building information modeling
Design for safety
Hazard recognition and communication
Knowledge management
Occupational construction safety and health
Ontology
Safety planning},
   year = {2015}
}
@inproceedings{Zhang14,
   author = {Zhang, Jiansong and El-Gohary, Nora M},
   title = {Automated Reasoning for Regulatory Compliance Checking in the Construction Domain},
   booktitle = {Construction Research Congress 2014@ sConstruction in a Global Network},
   publisher = {ASCE},
   pages = {907-916},

}

@article{Zhang15b,
   author = {Zhang, Jiansong and El-Gohary, Nora M},
   title = {Automated Information Transformation for Automated Regulatory Compliance Checking in Construction},
   journal = {Journal of Computing in Civil Engineering},
   pages = {B4015001},
   year = {2015}
}

@article{Zhang15c,
   author = {Zhang, Jiansong and El-Gohary, Nora},
   title = {A semantic similarity-based method for semi-automated IFC exension},
   year = {2015}
}
@article{Harispe13,
   author = {Harispe, Sébastien and Ranwez, Sylvie and Janaqi, Stefan and Montmain, Jacky},
   title = {Semantic Measures for the Comparison of Units of Language, Concepts or Instances from Text and Knowledge Base Analysis},
   journal = {arXiv preprint arXiv:1310.1285},
   year = {2013}
}

@article{Lin15,
   author = {Lin, Jia‐Rui and Hu, Zhen‐Zhong and Zhang, Jian‐Ping and Yu, Fang‐Qiang},
   title = {A Natural‐Language‐Based Approach to Intelligent Data Retrieval and Representation for Cloud BIM},
   journal = {Computer‐Aided Civil and Infrastructure Engineering},
   year = {2015}
}

@article{Miller95,
   author = {Miller, George A},
   title = {WordNet: a lexical database for English},
   journal = {Communications of the ACM},
   volume = {38},
   number = {11},
   pages = {39-41},
   year = {1995}
}

@article{Marcus95,
   author = {Marcus, Mitchell},
   title = {New trends in natural language processing: statistical natural language processing},
   journal = {Proceedings of the National Academy of Sciences},
   volume = {92},
   number = {22},
   pages = {10052-10059},
   year = {1995}
}

@article{costa-jussa12,
   author = {Costa-Jussa, Marta R and Farrús, Mireia and Mariño, José B and Fonollosa, José AR},
   title = {Study and comparison of rule-based and statistical catalan-spanish machine translation systems},
   journal = {Computing and Informatics},
   volume = {31},
   number = {2},
   pages = {245-270},
   year = {2012}
}
@article{Frantzi20,
   author = {Frantzi, Katerina and Ananiadou, Sophia and Mima, Hideki},
   title = {Automatic recognition of multi-word terms: the C-value/NC-value method},
   journal = {International Journal on Digital Libraries},
   volume = {3},
   number = {2},
   pages = {115},
    keywords = {TERMS & phrases
SUBLANGUAGE
DIGITAL libraries},
   year = {2000}
}
@article{Mikolov13a,
   author = {Mikolov, Tomas and Chen, Kai and Corrado, Greg and Dean, Jeffrey},
   title = {Efficient estimation of word representations in vector space},
   journal = {arXiv preprint arXiv:1301.3781},
   year = {2013}
}
@article{Miller95,
   author = {Miller, George A},
   title = {WordNet: a lexical database for English},
   journal = {Communications of the ACM},
   volume = {38},
   number = {11},
   pages = {39-41},
   year = {1995}
}

